@article{RegisterFilePartitioning,
 author = {Guan, Xuan and Fei, Yunsi},
 title = {Register file partitioning and recompilation for register file power reduction},
 journal = {ACM Trans. Des. Autom. Electron. Syst.},
 issue_date = {May 2010},
 volume = {15},
 number = {3},
 month = jun,
 year = {2010},
 issn = {1084-4309},
 pages = {24:1--24:30},
 articleno = {24},
 numpages = {30},
 url = {http://doi.acm.org/10.1145/1754405.1754409},
 doi = {10.1145/1754405.1754409},
 acmid = {1754409},
 publisher = {ACM},
 address = {New York, NY, USA},
 keywords = {Low-power design, compilers, processor architectures, register file partitioning},
}

@MISC{LowPowerInstructionEncodings,
    author = {Seungdo Woo and Jungroin Yoon and Jihong Kim},
    title = {Low-Power Instruction Encoding Techniques},
    booktitle={Proc. SOC Design Conference},
    year = {2001}
}

@article{Wattch,
 author = {Brooks, David and Tiwari, Vivek and Martonosi, Margaret},
 title = {Wattch: a framework for architectural-level power analysis and optimizations},
 journal = {SIGARCH Comput. Archit. News},
 issue_date = {May 2000},
 volume = {28},
 number = {2},
 month = may,
 year = {2000},
 issn = {0163-5964},
 pages = {83--94},
 numpages = {12},
 url = {http://doi.acm.org/10.1145/342001.339657},
 doi = {10.1145/342001.339657},
 acmid = {339657},
 publisher = {ACM},
 address = {New York, NY, USA},
}

@article{IterativeCompilationForEnergy,
 author = {Gheorghita, Stefan Valentin and Corporaal, Henk and Basten, Twan},
 title = {Iterative compilation for energy reduction},
 journal = {J. Embedded Comput.},
 issue_date = {December 2005},
 volume = {1},
 number = {4},
 month = dec,
 year = {2005},
 issn = {1740-4460},
 pages = {509--520},
 numpages = {12},
 url = {http://dl.acm.org/citation.cfm?id=1233791.1233798},
 acmid = {1233798},
 publisher = {IOS Press},
 address = {Amsterdam, The Netherlands, The Netherlands},
 keywords = {Iterative compilation, energy consumption, loop transformations, program optimization},
}

@MISC{CompilingForPerformancePower,
    author = {Madhavi Valluri and Lizy John},
    title = {Is Compiling for Performance == Compiling for Power?},
    year = {2001}
}

@INPROCEEDINGS{CompilationTechniquesForLowEnergy,
author={Tiwari, V. and Malik, S. and Wolfe, A.},
booktitle={Low Power Electronics, 1994. Digest of Technical Papers., IEEE Symposium}, title={Compilation techniques for low energy: an overview},
year={1994},
month={oct},
volume={},
number={},
pages={38 -39},
keywords={ Intel 486DX2 based system; code compilation; compilation techniques; energy consumption; software optimization; optimising compilers;},
doi={10.1109/LPE.1994.573195},
ISSN={},}

@INPROCEEDINGS{WhatCanAPoorCompilerDo,
    author = {L. N. Chakrapani and et al.},
    title = {The Emerging Power Crisis in Embedded Processors: What can a (poor) Compiler do?},
    booktitle = {In Proceedings of the International Conference on Compilers, Architecture, and Synthesis for Embedded Systems},
    year = {2001},
    pages = {176--180},
    publisher = {ACM Press}
}

@inproceedings{SimplePower,
 author = {Ye, W. and Vijaykrishnan, N. and Kandemir, M. and Irwin, M. J.},
 title = {The design and use of simplepower: a cycle-accurate energy estimation tool},
 booktitle = {Proceedings of the 37th Annual Design Automation Conference},
 series = {DAC '00},
 year = {2000},
 isbn = {1-58113-187-9},
 location = {Los Angeles, California, United States},
 pages = {340--345},
 numpages = {6},
 url = {http://doi.acm.org/10.1145/337292.337436},
 doi = {10.1145/337292.337436},
 acmid = {337436},
 publisher = {ACM},
 address = {New York, NY, USA},
}

@inproceedings{EffectOfCompilerOptimizationsOnPentium4,
 author = {Seng, John S. and Tullsen, Dean M.},
 title = {The Effect of Compiler Optimizations on Pentium 4 Power Consumption},
 booktitle = {Proceedings of the Seventh Workshop on Interaction between Compilers and Computer Architectures},
 series = {INTERACT '03},
 year = {2003},
 isbn = {0-7695-1889-3},
 pages = {51--},
 url = {http://dl.acm.org/citation.cfm?id=857193.857782},
 acmid = {857782},
 publisher = {IEEE Computer Society},
 address = {Washington, DC, USA},
}

@inproceedings{MiBench,
 author = {Guthaus, M. R. and Ringenberg, J. S. and Ernst, D. and Austin, T. M. and Mudge, T. and Brown, R. B.},
 title = {MiBench: A free, commercially representative embedded benchmark suite},
 booktitle = {Proceedings of the Workload Characterization, 2001. WWC-4. 2001 IEEE International Workshop},
 series = {WWC '01},
 year = {2001},
 isbn = {0-7803-7315-4},
 pages = {3--14},
 numpages = {12},
 url = {http://dx.doi.org/10.1109/WWC.2001.15},
 doi = {10.1109/WWC.2001.15},
 acmid = {1128563},
 publisher = {IEEE Computer Society},
 address = {Washington, DC, USA},
}

@inproceedings{WCET,
   author = {Jan Gustafsson and Adam Betts and Andreas Ermedahl and Bj{\"o}rn Lisper},
   title = {The M{\"a}lardalen WCET Benchmarks - Past, Present and Future},
   booktitle = {Proceedings of the 10th International Workshop on Worst-Case Execution Time Analysis},
   month = {July},
   year = {2010},
   url = {http://www.mrtc.mdh.se/index.php?choice=publications&id=2284},
}


@inproceedings{IntelPaper,
    author = {K. Chow and Y. Wu},
    title = {Feedback-directed selection and characterization of compiler optimizations},
    booktitle = {FDDO-4},
    year = {2001}
}

@inproceedings{SmartPhonePower,
 author = {Carroll, Aaron and Heiser, Gernot},
 title = {An analysis of power consumption in a smartphone},
 booktitle = {Proceedings of the 2010 USENIX conference on USENIX annual technical conference},
 series = {USENIXATC'10},
 year = {2010},
 location = {Boston, MA},
 pages = {21--21},
 numpages = {1},
 url = {http://dl.acm.org/citation.cfm?id=1855840.1855861},
 acmid = {1855861},
 publisher = {USENIX Association},
 address = {Berkeley, CA, USA},
}
